@misc{gh:tikzpingus,
  author = {Florian Sihler},
  title  = {\LaTeX-Package, tikzpingus},
  url    = {https://github.com/EagleoutIce/tikzpingus},
  year   = {2021}
}

@misc{dive:merge-sorted-arrays,
  publisher = {Geeks for Geeks},
  title     = {Efficiently merging two sorted arrays with O(1) extra space},
  url       = {https://www.geeksforgeeks.org/efficiently-merging-two-sorted-arrays-with-o1-extra-space/},
  year      = {2021}
}

@book{book:algorithms,
  title={The algorithm design manual},
  author={Skiena, Steven S.},
  year={2020},
  publisher={Springer International Publishing}
}

@inproceedings{dive:parallel-merge,
  title={Merge path-parallel merging made simple},
  author={Odeh, Saher and Green, Oded and Mwassi, Zahi and Shmueli, Oz and Birk, Yitzhak},
  booktitle={2012 IEEE 26\textsuperscript{th} International Parallel and Distributed Processing Symposium Workshops \& PhD Forum},
  pages={1611--1618},
  year={2012},
  organization={IEEE}
}

